<record><leader>00000cas a2200000 a 4500</leader><controlfield tag="001">9802779</controlfield><controlfield tag="008">830811d17641781scucr ne      0    0eng c</controlfield><datafield ind1=" " ind2=" " tag="010"><subfield code="a">sn 83025790 </subfield></datafield><datafield ind1=" " ind2=" " tag="040"><subfield code="a">NPV</subfield><subfield code="b">eng</subfield><subfield code="c">NPV</subfield><subfield code="d">NPX</subfield><subfield code="d">NPU</subfield><subfield code="d">DLC</subfield><subfield code="d">OCL</subfield><subfield code="d">NPA</subfield><subfield code="d">NPX</subfield><subfield code="d">YOX</subfield><subfield code="d">NJW</subfield><subfield code="d">KNP</subfield><subfield code="d">NJW</subfield><subfield code="d">OCL</subfield><subfield code="d">MFN</subfield><subfield code="d">KNP</subfield><subfield code="d">CNK</subfield><subfield code="d">SVN</subfield><subfield code="d">MGN</subfield><subfield code="d">FUG</subfield><subfield code="d">NVK</subfield><subfield code="d">TGN</subfield><subfield code="d">NVF</subfield><subfield code="d">NVK</subfield><subfield code="d">OCL</subfield><subfield code="d">CVF</subfield><subfield code="d">OCLCQ</subfield><subfield code="d">NYS</subfield><subfield code="d">CRL</subfield><subfield code="d">KRTAS</subfield><subfield code="d">OCLCQ</subfield><subfield code="d">OCLCF</subfield><subfield code="d">OCLCO</subfield><subfield code="d">CUS</subfield></datafield><datafield ind1=" " ind2=" " tag="012"><subfield code="b">3</subfield></datafield><datafield ind1=" " ind2=" " tag="019"><subfield code="a">2267905</subfield><subfield code="a">10341704</subfield></datafield><datafield ind1=" " ind2=" " tag="042"><subfield code="a">pcc</subfield></datafield><datafield ind1=" " ind2=" " tag="043"><subfield code="a">n-us-sc</subfield></datafield><datafield ind1=" " ind2=" " tag="045"><subfield code="a">v6v8</subfield></datafield><datafield ind1="0" ind2="0" tag="050"><subfield code="a">Newspaper</subfield></datafield><datafield ind1=" " ind2=" " tag="052"><subfield code="a">3913</subfield><subfield code="b">C3</subfield></datafield><datafield ind1="0" ind2="4" tag="245"><subfield code="a">The South-Carolina &amp; American general gazette.</subfield></datafield><datafield ind1="3" ind2=" " tag="246"><subfield code="a">South Carolina and American general gazette</subfield></datafield><datafield ind1=" " ind2=" " tag="260"><subfield code="a">Charlestown [S.C.] :</subfield><subfield code="b">R. Wells and D. Bruce,</subfield><subfield code="c">-1781.</subfield></datafield><datafield ind1=" " ind2=" " tag="300"><subfield code="a">volumes</subfield></datafield><datafield ind1=" " ind2=" " tag="310"><subfield code="a">Semiweekly,</subfield><subfield code="b">Oct. 13, 1780-1781</subfield></datafield><datafield ind1=" " ind2=" " tag="321"><subfield code="a">Weekly,</subfield><subfield code="b">&lt;July 3, 1765&gt;-Oct. 6, 1780</subfield></datafield><datafield ind1=" " ind2=" " tag="336"><subfield code="a">text</subfield><subfield code="b">txt</subfield><subfield code="2">rdacontent</subfield></datafield><datafield ind1=" " ind2=" " tag="337"><subfield code="a">unmediated</subfield><subfield code="b">n</subfield><subfield code="2">rdamedia</subfield></datafield><datafield ind1=" " ind2=" " tag="338"><subfield code="a">volume</subfield><subfield code="b">nc</subfield><subfield code="2">rdacarrier</subfield></datafield><datafield ind1="1" ind2=" " tag="362"><subfield code="a">Began in 1764.</subfield></datafield><datafield ind1="0" ind2=" " tag="362"><subfield code="a">-v. 24, no. 1144 (Feb. 28, 1781).</subfield></datafield><datafield ind1=" " ind2=" " tag="500"><subfield code="a">Publishers: R. Wells, 1765-1774; R. Wells &amp; Son, 1775; J. Wells, 1775-1781.</subfield></datafield><datafield ind1="4" ind2=" " tag="510"><subfield code="a">Brigham, C.S. Amer. newspapers</subfield><subfield code="c">p. 1036</subfield></datafield><datafield ind1=" " ind2=" " tag="515"><subfield code="a">Suspended May 7-22, 1779; Dec. 24, 1779-Jan. 12, 1780.</subfield></datafield><datafield ind1=" " ind2=" " tag="515"><subfield code="a">Issues for &lt;July 3, 1765&gt;-Dec. 25, 1767 called &lt;no. 347&gt;-no. 476 and issues for Jan. 1, 1768-1781 called v. 11, no. 477-v. 24, no. 1144.</subfield></datafield><datafield ind1=" " ind2=" " tag="530"><subfield code="a">Available on microfilm from University Microfilms international; Charleston Library Society.</subfield></datafield><datafield ind1=" " ind2=" " tag="588"><subfield code="a">Description based on: No. 347 (July 3, 1765).</subfield></datafield><datafield ind1=" " ind2="0" tag="651"><subfield code="a">Charleston (S.C.)</subfield><subfield code="v">Newspapers.</subfield></datafield><datafield ind1=" " ind2="0" tag="651"><subfield code="a">Charleston County (S.C.)</subfield><subfield code="v">Newspapers.</subfield></datafield><datafield ind1=" " ind2="7" tag="651"><subfield code="a">South Carolina</subfield><subfield code="z">Charleston.</subfield><subfield code="2">fast</subfield><subfield code="0">(OCoLC)fst01204603</subfield></datafield><datafield ind1=" " ind2="7" tag="651"><subfield code="a">South Carolina</subfield><subfield code="z">Charleston County.</subfield><subfield code="2">fast</subfield><subfield code="0">(OCoLC)fst01210029</subfield></datafield><datafield ind1=" " ind2="7" tag="655"><subfield code="a">Newspapers.</subfield><subfield code="2">fast</subfield><subfield code="0">(OCoLC)fst01423814</subfield></datafield><datafield ind1=" " ind2=" " tag="752"><subfield code="a">United States</subfield><subfield code="b">South Carolina</subfield><subfield code="c">Charleston</subfield><subfield code="d">Charleston.</subfield></datafield><datafield ind1="0" ind2="8" tag="776"><subfield code="i">Online version:</subfield><subfield code="t">South-Carolina &amp; American general gazette</subfield><subfield code="w">(OCoLC)727711495</subfield></datafield><datafield ind1="0" ind2="0" tag="780"><subfield code="t">South-Carolina weekly gazette (Charlestown, S.C. : 1758)</subfield><subfield code="w">(DLC)sn 83025772</subfield><subfield code="w">(OCoLC)9789303</subfield></datafield><datafield ind1="0" ind2="0" tag="785"><subfield code="t">Royal gazette (Charleston, S.C.)</subfield><subfield code="w">(DLC)sn 83025789</subfield><subfield code="w">(OCoLC)2267310</subfield></datafield><datafield ind1=" " ind2=" " tag="938"><subfield code="a">Kirtas Technologies, Inc.</subfield><subfield code="b">KRTS</subfield><subfield code="n">737256</subfield></datafield><datafield ind1="1" ind2=" " tag="029"><subfield code="a">AU@</subfield><subfield code="b">000020125176</subfield></datafield></record>